<record><leader>00000cas a22000007a 4500</leader><controlfield tag="001">21554542</controlfield><controlfield tag="008">900518d18891921nhuwr ne      0    0eng d</controlfield><datafield ind1=" " ind2=" " tag="010"><subfield code="a">sn 90062062 </subfield></datafield><datafield ind1=" " ind2=" " tag="040"><subfield code="a">NVH</subfield><subfield code="b">eng</subfield><subfield code="c">NVH</subfield><subfield code="d">OCLCQ</subfield></datafield><datafield ind1=" " ind2=" " tag="042"><subfield code="a">msc</subfield></datafield><datafield ind1="0" ind2="4" tag="245"><subfield code="a">The News and critic.</subfield></datafield><datafield ind1=" " ind2=" " tag="260"><subfield code="a">Laconia, N.H. :</subfield><subfield code="b">Weeks Bros.,</subfield><subfield code="c">1889-1921.</subfield></datafield><datafield ind1=" " ind2=" " tag="300"><subfield code="a">36 v.</subfield></datafield><datafield ind1=" " ind2=" " tag="310"><subfield code="a">Weekly</subfield></datafield><datafield ind1="0" ind2=" " tag="362"><subfield code="a">Vol. 1, no. 1 (Mar. 5, 1889)-v. 36, no. 22 (June, 1, 1921).</subfield></datafield><datafield ind1=" " ind2=" " tag="752"><subfield code="a">United States</subfield><subfield code="b">New Hampshire</subfield><subfield code="c">Belknap</subfield><subfield code="d">Laconia.</subfield></datafield><datafield ind1="0" ind2="0" tag="785"><subfield code="t">Laconia news and critic</subfield><subfield code="w">(DLC)sn 90062067</subfield></datafield><datafield ind1="1" ind2=" " tag="029"><subfield code="a">AU@</subfield><subfield code="b">000025311143</subfield></datafield></record>